%YAML 1.1
%TAG !u! tag:unity3d.com,2011:
--- !u!29 &1
OcclusionCullingSettings:
  m_ObjectHideFlags: 0
  serializedVersion: 2
  m_OcclusionBakeSettings:
    smallestOccluder: 5
    smallestHole: 0.25
    backfaceThreshold: 100
  m_SceneGUID: 00000000000000000000000000000000
  m_OcclusionCullingData: {fileID: 0}
--- !u!104 &2
RenderSettings:
  m_ObjectHideFlags: 0
  serializedVersion: 9
  m_Fog: 0
  m_FogColor: {r: 0.5, g: 0.5, b: 0.5, a: 1}
  m_FogMode: 3
  m_FogDensity: 0.01
  m_LinearFogStart: 0
  m_LinearFogEnd: 300
  m_AmbientSkyColor: {r: 0.212, g: 0.227, b: 0.259, a: 1}
  m_AmbientEquatorColor: {r: 0.114, g: 0.125, b: 0.133, a: 1}
  m_AmbientGroundColor: {r: 0.047, g: 0.043, b: 0.035, a: 1}
  m_AmbientIntensity: 1
  m_AmbientMode: 0
  m_SubtractiveShadowColor: {r: 0.42, g: 0.478, b: 0.627, a: 1}
  m_SkyboxMaterial: {fileID: 10304, guid: 0000000000000000f000000000000000, type: 0}
  m_HaloStrength: 0.5
  m_FlareStrength: 1
  m_FlareFadeSpeed: 3
  m_HaloTexture: {fileID: 0}
  m_SpotCookie: {fileID: 10001, guid: 0000000000000000e000000000000000, type: 0}
  m_DefaultReflectionMode: 0
  m_DefaultReflectionResolution: 128
  m_ReflectionBounces: 1
  m_ReflectionIntensity: 1
  m_CustomReflection: {fileID: 0}
  m_Sun: {fileID: 0}
  m_IndirectSpecularColor: {r: 0, g: 0, b: 0, a: 1}
  m_UseRadianceAmbientProbe: 0
--- !u!157 &3
LightmapSettings:
  m_ObjectHideFlags: 0
  serializedVersion: 11
  m_GIWorkflowMode: 1
  m_GISettings:
    serializedVersion: 2
    m_BounceScale: 1
    m_IndirectOutputScale: 1
    m_AlbedoBoost: 1
    m_EnvironmentLightingMode: 0
    m_EnableBakedLightmaps: 1
    m_EnableRealtimeLightmaps: 0
  m_LightmapEditorSettings:
    serializedVersion: 12
    m_Resolution: 2
    m_BakeResolution: 40
    m_AtlasSize: 1024
    m_AO: 0
    m_AOMaxDistance: 1
    m_CompAOExponent: 1
    m_CompAOExponentDirect: 0
    m_ExtractAmbientOcclusion: 0
    m_Padding: 2
    m_LightmapParameters: {fileID: 0}
    m_LightmapsBakeMode: 1
    m_TextureCompression: 1
    m_FinalGather: 0
    m_FinalGatherFiltering: 1
    m_FinalGatherRayCount: 256
    m_ReflectionCompression: 2
    m_MixedBakeMode: 2
    m_BakeBackend: 1
    m_PVRSampling: 1
    m_PVRDirectSampleCount: 32
    m_PVRSampleCount: 512
    m_PVRBounces: 2
    m_PVREnvironmentSampleCount: 256
    m_PVREnvironmentReferencePointCount: 2048
    m_PVRFilteringMode: 1
    m_PVRDenoiserTypeDirect: 1
    m_PVRDenoiserTypeIndirect: 1
    m_PVRDenoiserTypeAO: 1
    m_PVRFilterTypeDirect: 0
    m_PVRFilterTypeIndirect: 0
    m_PVRFilterTypeAO: 0
    m_PVREnvironmentMIS: 1
    m_PVRCulling: 1
    m_PVRFilteringGaussRadiusDirect: 1
    m_PVRFilteringGaussRadiusIndirect: 5
    m_PVRFilteringGaussRadiusAO: 2
    m_PVRFilteringAtrousPositionSigmaDirect: 0.5
    m_PVRFilteringAtrousPositionSigmaIndirect: 2
    m_PVRFilteringAtrousPositionSigmaAO: 1
    m_ExportTrainingData: 0
    m_TrainingDataDestination: TrainingData
    m_LightProbeSampleCountMultiplier: 4
  m_LightingDataAsset: {fileID: 0}
  m_UseShadowmask: 1
--- !u!196 &4
NavMeshSettings:
  serializedVersion: 2
  m_ObjectHideFlags: 0
  m_BuildSettings:
    serializedVersion: 2
    agentTypeID: 0
    agentRadius: 0.5
    agentHeight: 2
    agentSlope: 45
    agentClimb: 0.4
    ledgeDropHeight: 0
    maxJumpAcrossDistance: 0
    minRegionArea: 2
    manualCellSize: 0
    cellSize: 0.16666667
    manualTileSize: 0
    tileSize: 256
    accuratePlacement: 0
    debug:
      m_Flags: 0
  m_NavMeshData: {fileID: 0}
--- !u!1 &20735869 stripped
GameObject:
  m_CorrespondingSourceObject: {fileID: 7049447325102446305, guid: 5b042ca0d40408e42867f3bbe9b8d9f9,
    type: 3}
  m_PrefabInstance: {fileID: 2032637008}
  m_PrefabAsset: {fileID: 0}
--- !u!1 &124586887 stripped
GameObject:
  m_CorrespondingSourceObject: {fileID: 7049447325957130102, guid: 5b042ca0d40408e42867f3bbe9b8d9f9,
    type: 3}
  m_PrefabInstance: {fileID: 7049447325638333549}
  m_PrefabAsset: {fileID: 0}
--- !u!1001 &146344666
PrefabInstance:
  m_ObjectHideFlags: 0
  serializedVersion: 2
  m_Modification:
    m_TransformParent: {fileID: 0}
    m_Modifications:
    - target: {fileID: 7049447324920454981, guid: 5b042ca0d40408e42867f3bbe9b8d9f9,
        type: 3}
      propertyPath: m_Layer
      value: 9
      objectReference: {fileID: 0}
    - target: {fileID: 7049447325045892535, guid: 5b042ca0d40408e42867f3bbe9b8d9f9,
        type: 3}
      propertyPath: m_Layer
      value: 9
      objectReference: {fileID: 0}
    - target: {fileID: 7049447325102446305, guid: 5b042ca0d40408e42867f3bbe9b8d9f9,
        type: 3}
      propertyPath: m_Layer
      value: 9
      objectReference: {fileID: 0}
    - target: {fileID: 7049447325102446306, guid: 5b042ca0d40408e42867f3bbe9b8d9f9,
        type: 3}
      propertyPath: m_Materials.Array.data[0]
      value: 
      objectReference: {fileID: 2100000, guid: f82f3ea3245a6de48a3a8eee3221ed2a, type: 2}
    - target: {fileID: 7049447325577095000, guid: 5b042ca0d40408e42867f3bbe9b8d9f9,
        type: 3}
      propertyPath: m_Name
      value: Foe (4)
      objectReference: {fileID: 0}
    - target: {fileID: 7049447325577095000, guid: 5b042ca0d40408e42867f3bbe9b8d9f9,
        type: 3}
      propertyPath: m_TagString
      value: Foe
      objectReference: {fileID: 0}
    - target: {fileID: 7049447325577095000, guid: 5b042ca0d40408e42867f3bbe9b8d9f9,
        type: 3}
      propertyPath: m_Layer
      value: 9
      objectReference: {fileID: 0}
    - target: {fileID: 7049447325577095002, guid: 5b042ca0d40408e42867f3bbe9b8d9f9,
        type: 3}
      propertyPath: playerBody
      value: 
      objectReference: {fileID: 1322139330}
    - target: {fileID: 7049447325577095003, guid: 5b042ca0d40408e42867f3bbe9b8d9f9,
        type: 3}
      propertyPath: m_LocalPosition.x
      value: 5.87
      objectReference: {fileID: 0}
    - target: {fileID: 7049447325577095003, guid: 5b042ca0d40408e42867f3bbe9b8d9f9,
        type: 3}
      propertyPath: m_LocalPosition.y
      value: 0.4
      objectReference: {fileID: 0}
    - target: {fileID: 7049447325577095003, guid: 5b042ca0d40408e42867f3bbe9b8d9f9,
        type: 3}
      propertyPath: m_LocalPosition.z
      value: -0.24
      objectReference: {fileID: 0}
    - target: {fileID: 7049447325577095003, guid: 5b042ca0d40408e42867f3bbe9b8d9f9,
        type: 3}
      propertyPath: m_LocalRotation.x
      value: -0
      objectReference: {fileID: 0}
    - target: {fileID: 7049447325577095003, guid: 5b042ca0d40408e42867f3bbe9b8d9f9,
        type: 3}
      propertyPath: m_LocalRotation.y
      value: -0
      objectReference: {fileID: 0}
    - target: {fileID: 7049447325577095003, guid: 5b042ca0d40408e42867f3bbe9b8d9f9,
        type: 3}
      propertyPath: m_LocalRotation.z
      value: -0
      objectReference: {fileID: 0}
    - target: {fileID: 7049447325577095003, guid: 5b042ca0d40408e42867f3bbe9b8d9f9,
        type: 3}
      propertyPath: m_LocalRotation.w
      value: 1
      objectReference: {fileID: 0}
    - target: {fileID: 7049447325577095003, guid: 5b042ca0d40408e42867f3bbe9b8d9f9,
        type: 3}
      propertyPath: m_RootOrder
      value: 8
      objectReference: {fileID: 0}
    - target: {fileID: 7049447325577095003, guid: 5b042ca0d40408e42867f3bbe9b8d9f9,
        type: 3}
      propertyPath: m_LocalEulerAnglesHint.x
      value: 0
      objectReference: {fileID: 0}
    - target: {fileID: 7049447325577095003, guid: 5b042ca0d40408e42867f3bbe9b8d9f9,
        type: 3}
      propertyPath: m_LocalEulerAnglesHint.y
      value: 0
      objectReference: {fileID: 0}
    - target: {fileID: 7049447325577095003, guid: 5b042ca0d40408e42867f3bbe9b8d9f9,
        type: 3}
      propertyPath: m_LocalEulerAnglesHint.z
      value: 0
      objectReference: {fileID: 0}
    - target: {fileID: 7049447325809572082, guid: 5b042ca0d40408e42867f3bbe9b8d9f9,
        type: 3}
      propertyPath: m_Layer
      value: 9
      objectReference: {fileID: 0}
    - target: {fileID: 7049447325957130102, guid: 5b042ca0d40408e42867f3bbe9b8d9f9,
        type: 3}
      propertyPath: m_Layer
      value: 9
      objectReference: {fileID: 0}
    - target: {fileID: 7049447326034342320, guid: 5b042ca0d40408e42867f3bbe9b8d9f9,
        type: 3}
      propertyPath: m_Layer
      value: 9
      objectReference: {fileID: 0}
    - target: {fileID: 7049447326072743749, guid: 5b042ca0d40408e42867f3bbe9b8d9f9,
        type: 3}
      propertyPath: m_Materials.Array.data[0]
      value: 
      objectReference: {fileID: 2100000, guid: 9dfd8d1d0c0042b4892072d0b252a125, type: 2}
    - target: {fileID: 7049447326072743755, guid: 5b042ca0d40408e42867f3bbe9b8d9f9,
        type: 3}
      propertyPath: m_Layer
      value: 9
      objectReference: {fileID: 0}
    - target: {fileID: 7049447326638430830, guid: 5b042ca0d40408e42867f3bbe9b8d9f9,
        type: 3}
      propertyPath: m_Layer
      value: 9
      objectReference: {fileID: 0}
    m_RemovedComponents:
    - {fileID: 7049447325577095002, guid: 5b042ca0d40408e42867f3bbe9b8d9f9, type: 3}
    - {fileID: 7049447325577094996, guid: 5b042ca0d40408e42867f3bbe9b8d9f9, type: 3}
    - {fileID: 6614822200547901070, guid: 5b042ca0d40408e42867f3bbe9b8d9f9, type: 3}
  m_SourcePrefab: {fileID: 100100000, guid: 5b042ca0d40408e42867f3bbe9b8d9f9, type: 3}
--- !u!1 &181664880 stripped
GameObject:
  m_CorrespondingSourceObject: {fileID: 7049447325102446305, guid: 5b042ca0d40408e42867f3bbe9b8d9f9,
    type: 3}
  m_PrefabInstance: {fileID: 347594013}
  m_PrefabAsset: {fileID: 0}
--- !u!1 &197463663 stripped
GameObject:
  m_CorrespondingSourceObject: {fileID: 7049447325102446305, guid: 5b042ca0d40408e42867f3bbe9b8d9f9,
    type: 3}
  m_PrefabInstance: {fileID: 1433504267}
  m_PrefabAsset: {fileID: 0}
--- !u!1 &210078288 stripped
GameObject:
  m_CorrespondingSourceObject: {fileID: 7049447325577095000, guid: 5b042ca0d40408e42867f3bbe9b8d9f9,
    type: 3}
  m_PrefabInstance: {fileID: 2032637008}
  m_PrefabAsset: {fileID: 0}
--- !u!114 &210078289
MonoBehaviour:
  m_ObjectHideFlags: 0
  m_CorrespondingSourceObject: {fileID: 0}
  m_PrefabInstance: {fileID: 0}
  m_PrefabAsset: {fileID: 0}
  m_GameObject: {fileID: 210078288}
  m_Enabled: 1
  m_EditorHideFlags: 0
  m_Script: {fileID: 11500000, guid: d52f0cb2eedf3524d96d159142201bf1, type: 3}
  m_Name: 
  m_EditorClassIdentifier: 
  hp: 0
  maxHP: 0
  power: 0
  specialPower: 0
  speed: 0
  weapon: {fileID: 20735869}
  playerBody: {fileID: 222288019}
  invincibilityPeriod: 0
  isDead: 0
  wave: {fileID: 0}
--- !u!1 &222288019 stripped
GameObject:
  m_CorrespondingSourceObject: {fileID: 7049447325957130102, guid: 5b042ca0d40408e42867f3bbe9b8d9f9,
    type: 3}
  m_PrefabInstance: {fileID: 2032637008}
  m_PrefabAsset: {fileID: 0}
--- !u!1 &296160393
GameObject:
  m_ObjectHideFlags: 0
  m_CorrespondingSourceObject: {fileID: 0}
  m_PrefabInstance: {fileID: 0}
  m_PrefabAsset: {fileID: 0}
  serializedVersion: 6
  m_Component:
  - component: {fileID: 296160395}
  - component: {fileID: 296160394}
  m_Layer: 0
  m_Name: Directional Light
  m_TagString: Untagged
  m_Icon: {fileID: 0}
  m_NavMeshLayer: 0
  m_StaticEditorFlags: 0
  m_IsActive: 1
--- !u!108 &296160394
Light:
  m_ObjectHideFlags: 0
  m_CorrespondingSourceObject: {fileID: 0}
  m_PrefabInstance: {fileID: 0}
  m_PrefabAsset: {fileID: 0}
  m_GameObject: {fileID: 296160393}
  m_Enabled: 1
  serializedVersion: 10
  m_Type: 1
  m_Shape: 0
  m_Color: {r: 1, g: 0.95686275, b: 0.8392157, a: 1}
  m_Intensity: 1
  m_Range: 10
  m_SpotAngle: 30
  m_InnerSpotAngle: 21.80208
  m_CookieSize: 10
  m_Shadows:
    m_Type: 2
    m_Resolution: -1
    m_CustomResolution: -1
    m_Strength: 1
    m_Bias: 0.05
    m_NormalBias: 0.4
    m_NearPlane: 0.2
    m_CullingMatrixOverride:
      e00: 1
      e01: 0
      e02: 0
      e03: 0
      e10: 0
      e11: 1
      e12: 0
      e13: 0
      e20: 0
      e21: 0
      e22: 1
      e23: 0
      e30: 0
      e31: 0
      e32: 0
      e33: 1
    m_UseCullingMatrixOverride: 0
  m_Cookie: {fileID: 0}
  m_DrawHalo: 0
  m_Flare: {fileID: 0}
  m_RenderMode: 0
  m_CullingMask:
    serializedVersion: 2
    m_Bits: 4294967295
  m_RenderingLayerMask: 1
  m_Lightmapping: 4
  m_LightShadowCasterMode: 0
  m_AreaSize: {x: 1, y: 1}
  m_BounceIntensity: 1
  m_ColorTemperature: 6570
  m_UseColorTemperature: 0
  m_BoundingSphereOverride: {x: 0, y: 0, z: 0, w: 0}
  m_UseBoundingSphereOverride: 0
  m_ShadowRadius: 0
  m_ShadowAngle: 0
--- !u!4 &296160395
Transform:
  m_ObjectHideFlags: 0
  m_CorrespondingSourceObject: {fileID: 0}
  m_PrefabInstance: {fileID: 0}
  m_PrefabAsset: {fileID: 0}
  m_GameObject: {fileID: 296160393}
  m_LocalRotation: {x: 0.40821788, y: -0.23456968, z: 0.10938163, w: 0.8754261}
  m_LocalPosition: {x: 0, y: 3, z: 0}
  m_LocalScale: {x: 1, y: 1, z: 1}
  m_Children: []
  m_Father: {fileID: 0}
  m_RootOrder: 1
  m_LocalEulerAnglesHint: {x: 50, y: -30, z: 0}
--- !u!1001 &347594013
PrefabInstance:
  m_ObjectHideFlags: 0
  serializedVersion: 2
  m_Modification:
    m_TransformParent: {fileID: 0}
    m_Modifications:
    - target: {fileID: 7049447324920454981, guid: 5b042ca0d40408e42867f3bbe9b8d9f9,
        type: 3}
      propertyPath: m_Layer
      value: 9
      objectReference: {fileID: 0}
    - target: {fileID: 7049447325045892535, guid: 5b042ca0d40408e42867f3bbe9b8d9f9,
        type: 3}
      propertyPath: m_Layer
      value: 9
      objectReference: {fileID: 0}
    - target: {fileID: 7049447325102446305, guid: 5b042ca0d40408e42867f3bbe9b8d9f9,
        type: 3}
      propertyPath: m_Layer
      value: 9
      objectReference: {fileID: 0}
    - target: {fileID: 7049447325102446306, guid: 5b042ca0d40408e42867f3bbe9b8d9f9,
        type: 3}
      propertyPath: m_Materials.Array.data[0]
      value: 
      objectReference: {fileID: 2100000, guid: f82f3ea3245a6de48a3a8eee3221ed2a, type: 2}
    - target: {fileID: 7049447325577095000, guid: 5b042ca0d40408e42867f3bbe9b8d9f9,
        type: 3}
      propertyPath: m_Name
      value: Foe (3)
      objectReference: {fileID: 0}
    - target: {fileID: 7049447325577095000, guid: 5b042ca0d40408e42867f3bbe9b8d9f9,
        type: 3}
      propertyPath: m_TagString
      value: Foe
      objectReference: {fileID: 0}
    - target: {fileID: 7049447325577095000, guid: 5b042ca0d40408e42867f3bbe9b8d9f9,
        type: 3}
      propertyPath: m_Layer
      value: 9
      objectReference: {fileID: 0}
    - target: {fileID: 7049447325577095002, guid: 5b042ca0d40408e42867f3bbe9b8d9f9,
        type: 3}
      propertyPath: playerBody
      value: 
      objectReference: {fileID: 1591372383}
    - target: {fileID: 7049447325577095003, guid: 5b042ca0d40408e42867f3bbe9b8d9f9,
        type: 3}
      propertyPath: m_LocalPosition.x
      value: 5.56
      objectReference: {fileID: 0}
    - target: {fileID: 7049447325577095003, guid: 5b042ca0d40408e42867f3bbe9b8d9f9,
        type: 3}
      propertyPath: m_LocalPosition.y
      value: 0.4
      objectReference: {fileID: 0}
    - target: {fileID: 7049447325577095003, guid: 5b042ca0d40408e42867f3bbe9b8d9f9,
        type: 3}
      propertyPath: m_LocalPosition.z
      value: 2.22
      objectReference: {fileID: 0}
    - target: {fileID: 7049447325577095003, guid: 5b042ca0d40408e42867f3bbe9b8d9f9,
        type: 3}
      propertyPath: m_LocalRotation.x
      value: -0
      objectReference: {fileID: 0}
    - target: {fileID: 7049447325577095003, guid: 5b042ca0d40408e42867f3bbe9b8d9f9,
        type: 3}
      propertyPath: m_LocalRotation.y
      value: -0
      objectReference: {fileID: 0}
    - target: {fileID: 7049447325577095003, guid: 5b042ca0d40408e42867f3bbe9b8d9f9,
        type: 3}
      propertyPath: m_LocalRotation.z
      value: -0
      objectReference: {fileID: 0}
    - target: {fileID: 7049447325577095003, guid: 5b042ca0d40408e42867f3bbe9b8d9f9,
        type: 3}
      propertyPath: m_LocalRotation.w
      value: 1
      objectReference: {fileID: 0}
    - target: {fileID: 7049447325577095003, guid: 5b042ca0d40408e42867f3bbe9b8d9f9,
        type: 3}
      propertyPath: m_RootOrder
      value: 7
      objectReference: {fileID: 0}
    - target: {fileID: 7049447325577095003, guid: 5b042ca0d40408e42867f3bbe9b8d9f9,
        type: 3}
      propertyPath: m_LocalEulerAnglesHint.x
      value: 0
      objectReference: {fileID: 0}
    - target: {fileID: 7049447325577095003, guid: 5b042ca0d40408e42867f3bbe9b8d9f9,
        type: 3}
      propertyPath: m_LocalEulerAnglesHint.y
      value: 0
      objectReference: {fileID: 0}
    - target: {fileID: 7049447325577095003, guid: 5b042ca0d40408e42867f3bbe9b8d9f9,
        type: 3}
      propertyPath: m_LocalEulerAnglesHint.z
      value: 0
      objectReference: {fileID: 0}
    - target: {fileID: 7049447325809572082, guid: 5b042ca0d40408e42867f3bbe9b8d9f9,
        type: 3}
      propertyPath: m_Layer
      value: 9
      objectReference: {fileID: 0}
    - target: {fileID: 7049447325957130102, guid: 5b042ca0d40408e42867f3bbe9b8d9f9,
        type: 3}
      propertyPath: m_Layer
      value: 9
      objectReference: {fileID: 0}
    - target: {fileID: 7049447326034342320, guid: 5b042ca0d40408e42867f3bbe9b8d9f9,
        type: 3}
      propertyPath: m_Layer
      value: 9
      objectReference: {fileID: 0}
    - target: {fileID: 7049447326072743749, guid: 5b042ca0d40408e42867f3bbe9b8d9f9,
        type: 3}
      propertyPath: m_Materials.Array.data[0]
      value: 
      objectReference: {fileID: 2100000, guid: 9dfd8d1d0c0042b4892072d0b252a125, type: 2}
    - target: {fileID: 7049447326072743755, guid: 5b042ca0d40408e42867f3bbe9b8d9f9,
        type: 3}
      propertyPath: m_Layer
      value: 9
      objectReference: {fileID: 0}
    - target: {fileID: 7049447326638430830, guid: 5b042ca0d40408e42867f3bbe9b8d9f9,
        type: 3}
      propertyPath: m_Layer
      value: 9
      objectReference: {fileID: 0}
    m_RemovedComponents:
    - {fileID: 7049447325577095002, guid: 5b042ca0d40408e42867f3bbe9b8d9f9, type: 3}
    - {fileID: 7049447325577094996, guid: 5b042ca0d40408e42867f3bbe9b8d9f9, type: 3}
    - {fileID: 6614822200547901070, guid: 5b042ca0d40408e42867f3bbe9b8d9f9, type: 3}
  m_SourcePrefab: {fileID: 100100000, guid: 5b042ca0d40408e42867f3bbe9b8d9f9, type: 3}
--- !u!1 &390952631 stripped
GameObject:
  m_CorrespondingSourceObject: {fileID: 7049447325577095000, guid: 5b042ca0d40408e42867f3bbe9b8d9f9,
    type: 3}
  m_PrefabInstance: {fileID: 347594013}
  m_PrefabAsset: {fileID: 0}
--- !u!114 &390952632
MonoBehaviour:
  m_ObjectHideFlags: 0
  m_CorrespondingSourceObject: {fileID: 0}
  m_PrefabInstance: {fileID: 0}
  m_PrefabAsset: {fileID: 0}
  m_GameObject: {fileID: 390952631}
  m_Enabled: 1
  m_EditorHideFlags: 0
  m_Script: {fileID: 11500000, guid: d52f0cb2eedf3524d96d159142201bf1, type: 3}
  m_Name: 
  m_EditorClassIdentifier: 
  hp: 0
  maxHP: 0
  power: 0
  specialPower: 0
  speed: 0
  weapon: {fileID: 181664880}
  playerBody: {fileID: 1591372383}
  invincibilityPeriod: 0
  isDead: 0
  wave: {fileID: 0}
--- !u!1 &497212707 stripped
GameObject:
  m_CorrespondingSourceObject: {fileID: 7049447325957130102, guid: 5b042ca0d40408e42867f3bbe9b8d9f9,
    type: 3}
  m_PrefabInstance: {fileID: 1433504267}
  m_PrefabAsset: {fileID: 0}
--- !u!1 &577129261 stripped
GameObject:
  m_CorrespondingSourceObject: {fileID: 7049447325577095000, guid: 5b042ca0d40408e42867f3bbe9b8d9f9,
    type: 3}
  m_PrefabInstance: {fileID: 1433504267}
  m_PrefabAsset: {fileID: 0}
--- !u!114 &577129262
MonoBehaviour:
  m_ObjectHideFlags: 0
  m_CorrespondingSourceObject: {fileID: 0}
  m_PrefabInstance: {fileID: 0}
  m_PrefabAsset: {fileID: 0}
  m_GameObject: {fileID: 577129261}
  m_Enabled: 1
  m_EditorHideFlags: 0
  m_Script: {fileID: 11500000, guid: d52f0cb2eedf3524d96d159142201bf1, type: 3}
  m_Name: 
  m_EditorClassIdentifier: 
  hp: 0
  maxHP: 0
  power: 0
  specialPower: 0
  speed: 0
  weapon: {fileID: 197463663}
  playerBody: {fileID: 497212707}
  invincibilityPeriod: 0
  isDead: 0
  wave: {fileID: 0}
--- !u!1 &618228878
GameObject:
  m_ObjectHideFlags: 0
  m_CorrespondingSourceObject: {fileID: 0}
  m_PrefabInstance: {fileID: 0}
  m_PrefabAsset: {fileID: 0}
  serializedVersion: 6
  m_Component:
  - component: {fileID: 618228879}
  - component: {fileID: 618228880}
  m_Layer: 0
  m_Name: IdleFocus
  m_TagString: Untagged
  m_Icon: {fileID: 0}
  m_NavMeshLayer: 0
  m_StaticEditorFlags: 0
  m_IsActive: 1
--- !u!4 &618228879
Transform:
  m_ObjectHideFlags: 0
  m_CorrespondingSourceObject: {fileID: 0}
  m_PrefabInstance: {fileID: 0}
  m_PrefabAsset: {fileID: 0}
  m_GameObject: {fileID: 618228878}
  m_LocalRotation: {x: 0, y: 0, z: 0, w: 1}
  m_LocalPosition: {x: 0, y: 0, z: 0}
  m_LocalScale: {x: 1, y: 1, z: 1}
  m_Children: []
  m_Father: {fileID: 1302596909}
  m_RootOrder: 3
  m_LocalEulerAnglesHint: {x: 0, y: 0, z: 0}
--- !u!95 &618228880
Animator:
  serializedVersion: 3
  m_ObjectHideFlags: 0
  m_CorrespondingSourceObject: {fileID: 0}
  m_PrefabInstance: {fileID: 0}
  m_PrefabAsset: {fileID: 0}
  m_GameObject: {fileID: 618228878}
  m_Enabled: 1
  m_Avatar: {fileID: 0}
  m_Controller: {fileID: 0}
  m_CullingMode: 1
  m_UpdateMode: 0
  m_ApplyRootMotion: 0
  m_LinearVelocityBlending: 0
  m_WarningMessage: 
  m_HasTransformHierarchy: 1
  m_AllowConstantClipSamplingOptimization: 1
  m_KeepAnimatorControllerStateOnDisable: 0
--- !u!1 &630246437 stripped
GameObject:
  m_CorrespondingSourceObject: {fileID: 7049447325577095000, guid: 5b042ca0d40408e42867f3bbe9b8d9f9,
    type: 3}
  m_PrefabInstance: {fileID: 892267278}
  m_PrefabAsset: {fileID: 0}
--- !u!114 &630246438
MonoBehaviour:
  m_ObjectHideFlags: 0
  m_CorrespondingSourceObject: {fileID: 0}
  m_PrefabInstance: {fileID: 0}
  m_PrefabAsset: {fileID: 0}
  m_GameObject: {fileID: 630246437}
  m_Enabled: 1
  m_EditorHideFlags: 0
  m_Script: {fileID: 11500000, guid: d52f0cb2eedf3524d96d159142201bf1, type: 3}
  m_Name: 
  m_EditorClassIdentifier: 
  hp: 0
  maxHP: 0
  power: 0
  specialPower: 0
  speed: 0
  weapon: {fileID: 1013978690}
  playerBody: {fileID: 678529031}
  invincibilityPeriod: 0
  isDead: 0
  wave: {fileID: 0}
--- !u!1 &678529031 stripped
GameObject:
  m_CorrespondingSourceObject: {fileID: 7049447325957130102, guid: 5b042ca0d40408e42867f3bbe9b8d9f9,
    type: 3}
  m_PrefabInstance: {fileID: 892267278}
  m_PrefabAsset: {fileID: 0}
--- !u!1 &701468474 stripped
GameObject:
  m_CorrespondingSourceObject: {fileID: 7049447325577095000, guid: 5b042ca0d40408e42867f3bbe9b8d9f9,
    type: 3}
  m_PrefabInstance: {fileID: 805959351}
  m_PrefabAsset: {fileID: 0}
--- !u!114 &701468475
MonoBehaviour:
  m_ObjectHideFlags: 0
  m_CorrespondingSourceObject: {fileID: 0}
  m_PrefabInstance: {fileID: 0}
  m_PrefabAsset: {fileID: 0}
  m_GameObject: {fileID: 701468474}
  m_Enabled: 1
  m_EditorHideFlags: 0
  m_Script: {fileID: 11500000, guid: d52f0cb2eedf3524d96d159142201bf1, type: 3}
  m_Name: 
  m_EditorClassIdentifier: 
  hp: 0
  maxHP: 0
  power: 0
  specialPower: 0
  speed: 0
  weapon: {fileID: 1643911479}
  playerBody: {fileID: 1739446773}
  invincibilityPeriod: 0
  isDead: 0
  wave: {fileID: 0}
--- !u!1001 &805959351
PrefabInstance:
  m_ObjectHideFlags: 0
  serializedVersion: 2
  m_Modification:
    m_TransformParent: {fileID: 0}
    m_Modifications:
    - target: {fileID: 7049447324920454981, guid: 5b042ca0d40408e42867f3bbe9b8d9f9,
        type: 3}
      propertyPath: m_Layer
      value: 9
      objectReference: {fileID: 0}
    - target: {fileID: 7049447325045892535, guid: 5b042ca0d40408e42867f3bbe9b8d9f9,
        type: 3}
      propertyPath: m_Layer
      value: 9
      objectReference: {fileID: 0}
    - target: {fileID: 7049447325102446305, guid: 5b042ca0d40408e42867f3bbe9b8d9f9,
        type: 3}
      propertyPath: m_Layer
      value: 9
      objectReference: {fileID: 0}
    - target: {fileID: 7049447325102446306, guid: 5b042ca0d40408e42867f3bbe9b8d9f9,
        type: 3}
      propertyPath: m_Materials.Array.data[0]
      value: 
      objectReference: {fileID: 2100000, guid: f82f3ea3245a6de48a3a8eee3221ed2a, type: 2}
    - target: {fileID: 7049447325577095000, guid: 5b042ca0d40408e42867f3bbe9b8d9f9,
        type: 3}
      propertyPath: m_Name
      value: Foe (5)
      objectReference: {fileID: 0}
    - target: {fileID: 7049447325577095000, guid: 5b042ca0d40408e42867f3bbe9b8d9f9,
        type: 3}
      propertyPath: m_TagString
      value: Foe
      objectReference: {fileID: 0}
    - target: {fileID: 7049447325577095000, guid: 5b042ca0d40408e42867f3bbe9b8d9f9,
        type: 3}
      propertyPath: m_Layer
      value: 9
      objectReference: {fileID: 0}
    - target: {fileID: 7049447325577095002, guid: 5b042ca0d40408e42867f3bbe9b8d9f9,
        type: 3}
      propertyPath: playerBody
      value: 
      objectReference: {fileID: 1739446773}
    - target: {fileID: 7049447325577095003, guid: 5b042ca0d40408e42867f3bbe9b8d9f9,
        type: 3}
      propertyPath: m_LocalPosition.x
      value: 6.64
      objectReference: {fileID: 0}
    - target: {fileID: 7049447325577095003, guid: 5b042ca0d40408e42867f3bbe9b8d9f9,
        type: 3}
      propertyPath: m_LocalPosition.y
      value: 0.4
      objectReference: {fileID: 0}
    - target: {fileID: 7049447325577095003, guid: 5b042ca0d40408e42867f3bbe9b8d9f9,
        type: 3}
      propertyPath: m_LocalPosition.z
      value: -1.92
      objectReference: {fileID: 0}
    - target: {fileID: 7049447325577095003, guid: 5b042ca0d40408e42867f3bbe9b8d9f9,
        type: 3}
      propertyPath: m_LocalRotation.x
      value: -0
      objectReference: {fileID: 0}
    - target: {fileID: 7049447325577095003, guid: 5b042ca0d40408e42867f3bbe9b8d9f9,
        type: 3}
      propertyPath: m_LocalRotation.y
      value: -0
      objectReference: {fileID: 0}
    - target: {fileID: 7049447325577095003, guid: 5b042ca0d40408e42867f3bbe9b8d9f9,
        type: 3}
      propertyPath: m_LocalRotation.z
      value: -0
      objectReference: {fileID: 0}
    - target: {fileID: 7049447325577095003, guid: 5b042ca0d40408e42867f3bbe9b8d9f9,
        type: 3}
      propertyPath: m_LocalRotation.w
      value: 1
      objectReference: {fileID: 0}
    - target: {fileID: 7049447325577095003, guid: 5b042ca0d40408e42867f3bbe9b8d9f9,
        type: 3}
      propertyPath: m_RootOrder
      value: 9
      objectReference: {fileID: 0}
    - target: {fileID: 7049447325577095003, guid: 5b042ca0d40408e42867f3bbe9b8d9f9,
        type: 3}
      propertyPath: m_LocalEulerAnglesHint.x
      value: 0
      objectReference: {fileID: 0}
    - target: {fileID: 7049447325577095003, guid: 5b042ca0d40408e42867f3bbe9b8d9f9,
        type: 3}
      propertyPath: m_LocalEulerAnglesHint.y
      value: 0
      objectReference: {fileID: 0}
    - target: {fileID: 7049447325577095003, guid: 5b042ca0d40408e42867f3bbe9b8d9f9,
        type: 3}
      propertyPath: m_LocalEulerAnglesHint.z
      value: 0
      objectReference: {fileID: 0}
    - target: {fileID: 7049447325809572082, guid: 5b042ca0d40408e42867f3bbe9b8d9f9,
        type: 3}
      propertyPath: m_Layer
      value: 9
      objectReference: {fileID: 0}
    - target: {fileID: 7049447325957130102, guid: 5b042ca0d40408e42867f3bbe9b8d9f9,
        type: 3}
      propertyPath: m_Layer
      value: 9
      objectReference: {fileID: 0}
    - target: {fileID: 7049447326034342320, guid: 5b042ca0d40408e42867f3bbe9b8d9f9,
        type: 3}
      propertyPath: m_Layer
      value: 9
      objectReference: {fileID: 0}
    - target: {fileID: 7049447326072743749, guid: 5b042ca0d40408e42867f3bbe9b8d9f9,
        type: 3}
      propertyPath: m_Materials.Array.data[0]
      value: 
      objectReference: {fileID: 2100000, guid: 9dfd8d1d0c0042b4892072d0b252a125, type: 2}
    - target: {fileID: 7049447326072743755, guid: 5b042ca0d40408e42867f3bbe9b8d9f9,
        type: 3}
      propertyPath: m_Layer
      value: 9
      objectReference: {fileID: 0}
    - target: {fileID: 7049447326638430830, guid: 5b042ca0d40408e42867f3bbe9b8d9f9,
        type: 3}
      propertyPath: m_Layer
      value: 9
      objectReference: {fileID: 0}
    m_RemovedComponents:
    - {fileID: 7049447325577095002, guid: 5b042ca0d40408e42867f3bbe9b8d9f9, type: 3}
    - {fileID: 7049447325577094996, guid: 5b042ca0d40408e42867f3bbe9b8d9f9, type: 3}
    - {fileID: 6614822200547901070, guid: 5b042ca0d40408e42867f3bbe9b8d9f9, type: 3}
  m_SourcePrefab: {fileID: 100100000, guid: 5b042ca0d40408e42867f3bbe9b8d9f9, type: 3}
--- !u!1001 &892267278
PrefabInstance:
  m_ObjectHideFlags: 0
  serializedVersion: 2
  m_Modification:
    m_TransformParent: {fileID: 0}
    m_Modifications:
    - target: {fileID: 7049447324920454981, guid: 5b042ca0d40408e42867f3bbe9b8d9f9,
        type: 3}
      propertyPath: m_Layer
      value: 9
      objectReference: {fileID: 0}
    - target: {fileID: 7049447325045892535, guid: 5b042ca0d40408e42867f3bbe9b8d9f9,
        type: 3}
      propertyPath: m_Layer
      value: 9
      objectReference: {fileID: 0}
    - target: {fileID: 7049447325102446305, guid: 5b042ca0d40408e42867f3bbe9b8d9f9,
        type: 3}
      propertyPath: m_Layer
      value: 9
      objectReference: {fileID: 0}
    - target: {fileID: 7049447325102446306, guid: 5b042ca0d40408e42867f3bbe9b8d9f9,
        type: 3}
      propertyPath: m_Materials.Array.data[0]
      value: 
      objectReference: {fileID: 2100000, guid: f82f3ea3245a6de48a3a8eee3221ed2a, type: 2}
    - target: {fileID: 7049447325577095000, guid: 5b042ca0d40408e42867f3bbe9b8d9f9,
        type: 3}
      propertyPath: m_Name
      value: Foe (1)
      objectReference: {fileID: 0}
    - target: {fileID: 7049447325577095000, guid: 5b042ca0d40408e42867f3bbe9b8d9f9,
        type: 3}
      propertyPath: m_TagString
      value: Foe
      objectReference: {fileID: 0}
    - target: {fileID: 7049447325577095000, guid: 5b042ca0d40408e42867f3bbe9b8d9f9,
        type: 3}
      propertyPath: m_Layer
      value: 9
      objectReference: {fileID: 0}
    - target: {fileID: 7049447325577095002, guid: 5b042ca0d40408e42867f3bbe9b8d9f9,
        type: 3}
      propertyPath: playerBody
      value: 
      objectReference: {fileID: 678529031}
    - target: {fileID: 7049447325577095003, guid: 5b042ca0d40408e42867f3bbe9b8d9f9,
        type: 3}
      propertyPath: m_LocalPosition.x
      value: 7.71
      objectReference: {fileID: 0}
    - target: {fileID: 7049447325577095003, guid: 5b042ca0d40408e42867f3bbe9b8d9f9,
        type: 3}
      propertyPath: m_LocalPosition.y
      value: 0.4
      objectReference: {fileID: 0}
    - target: {fileID: 7049447325577095003, guid: 5b042ca0d40408e42867f3bbe9b8d9f9,
        type: 3}
      propertyPath: m_LocalPosition.z
      value: 1.23
      objectReference: {fileID: 0}
    - target: {fileID: 7049447325577095003, guid: 5b042ca0d40408e42867f3bbe9b8d9f9,
        type: 3}
      propertyPath: m_LocalRotation.x
      value: -0
      objectReference: {fileID: 0}
    - target: {fileID: 7049447325577095003, guid: 5b042ca0d40408e42867f3bbe9b8d9f9,
        type: 3}
      propertyPath: m_LocalRotation.y
      value: -0
      objectReference: {fileID: 0}
    - target: {fileID: 7049447325577095003, guid: 5b042ca0d40408e42867f3bbe9b8d9f9,
        type: 3}
      propertyPath: m_LocalRotation.z
      value: -0
      objectReference: {fileID: 0}
    - target: {fileID: 7049447325577095003, guid: 5b042ca0d40408e42867f3bbe9b8d9f9,
        type: 3}
      propertyPath: m_LocalRotation.w
      value: 1
      objectReference: {fileID: 0}
    - target: {fileID: 7049447325577095003, guid: 5b042ca0d40408e42867f3bbe9b8d9f9,
        type: 3}
      propertyPath: m_RootOrder
      value: 5
      objectReference: {fileID: 0}
    - target: {fileID: 7049447325577095003, guid: 5b042ca0d40408e42867f3bbe9b8d9f9,
        type: 3}
      propertyPath: m_LocalEulerAnglesHint.x
      value: 0
      objectReference: {fileID: 0}
    - target: {fileID: 7049447325577095003, guid: 5b042ca0d40408e42867f3bbe9b8d9f9,
        type: 3}
      propertyPath: m_LocalEulerAnglesHint.y
      value: 0
      objectReference: {fileID: 0}
    - target: {fileID: 7049447325577095003, guid: 5b042ca0d40408e42867f3bbe9b8d9f9,
        type: 3}
      propertyPath: m_LocalEulerAnglesHint.z
      value: 0
      objectReference: {fileID: 0}
    - target: {fileID: 7049447325809572082, guid: 5b042ca0d40408e42867f3bbe9b8d9f9,
        type: 3}
      propertyPath: m_Layer
      value: 9
      objectReference: {fileID: 0}
    - target: {fileID: 7049447325957130102, guid: 5b042ca0d40408e42867f3bbe9b8d9f9,
        type: 3}
      propertyPath: m_Layer
      value: 9
      objectReference: {fileID: 0}
    - target: {fileID: 7049447326034342320, guid: 5b042ca0d40408e42867f3bbe9b8d9f9,
        type: 3}
      propertyPath: m_Layer
      value: 9
      objectReference: {fileID: 0}
    - target: {fileID: 7049447326072743749, guid: 5b042ca0d40408e42867f3bbe9b8d9f9,
        type: 3}
      propertyPath: m_Materials.Array.data[0]
      value: 
      objectReference: {fileID: 2100000, guid: 9dfd8d1d0c0042b4892072d0b252a125, type: 2}
    - target: {fileID: 7049447326072743755, guid: 5b042ca0d40408e42867f3bbe9b8d9f9,
        type: 3}
      propertyPath: m_Layer
      value: 9
      objectReference: {fileID: 0}
    - target: {fileID: 7049447326638430830, guid: 5b042ca0d40408e42867f3bbe9b8d9f9,
        type: 3}
      propertyPath: m_Layer
      value: 9
      objectReference: {fileID: 0}
    m_RemovedComponents:
    - {fileID: 7049447325577095002, guid: 5b042ca0d40408e42867f3bbe9b8d9f9, type: 3}
    - {fileID: 7049447325577094996, guid: 5b042ca0d40408e42867f3bbe9b8d9f9, type: 3}
    - {fileID: 6614822200547901070, guid: 5b042ca0d40408e42867f3bbe9b8d9f9, type: 3}
  m_SourcePrefab: {fileID: 100100000, guid: 5b042ca0d40408e42867f3bbe9b8d9f9, type: 3}
--- !u!1 &948348529 stripped
GameObject:
  m_CorrespondingSourceObject: {fileID: 7049447325102446305, guid: 5b042ca0d40408e42867f3bbe9b8d9f9,
    type: 3}
  m_PrefabInstance: {fileID: 146344666}
  m_PrefabAsset: {fileID: 0}
--- !u!1 &1013978690 stripped
GameObject:
  m_CorrespondingSourceObject: {fileID: 7049447325102446305, guid: 5b042ca0d40408e42867f3bbe9b8d9f9,
    type: 3}
  m_PrefabInstance: {fileID: 892267278}
  m_PrefabAsset: {fileID: 0}
--- !u!1001 &1021671276
PrefabInstance:
  m_ObjectHideFlags: 0
  serializedVersion: 2
  m_Modification:
    m_TransformParent: {fileID: 0}
    m_Modifications:
    - target: {fileID: 1474278901674418, guid: 957fb60e14d1aa44e84a7af1a56ca1c0, type: 3}
      propertyPath: m_Name
      value: Knight
      objectReference: {fileID: 0}
    - target: {fileID: 1474278901674418, guid: 957fb60e14d1aa44e84a7af1a56ca1c0, type: 3}
      propertyPath: m_IsActive
      value: 0
      objectReference: {fileID: 0}
    - target: {fileID: 4310073046122136, guid: 957fb60e14d1aa44e84a7af1a56ca1c0, type: 3}
      propertyPath: m_LocalPosition.x
      value: 2.924
      objectReference: {fileID: 0}
    - target: {fileID: 4310073046122136, guid: 957fb60e14d1aa44e84a7af1a56ca1c0, type: 3}
      propertyPath: m_LocalPosition.y
      value: 0
      objectReference: {fileID: 0}
    - target: {fileID: 4310073046122136, guid: 957fb60e14d1aa44e84a7af1a56ca1c0, type: 3}
      propertyPath: m_LocalPosition.z
      value: -3.696
      objectReference: {fileID: 0}
    - target: {fileID: 4310073046122136, guid: 957fb60e14d1aa44e84a7af1a56ca1c0, type: 3}
      propertyPath: m_LocalRotation.x
      value: 0
      objectReference: {fileID: 0}
    - target: {fileID: 4310073046122136, guid: 957fb60e14d1aa44e84a7af1a56ca1c0, type: 3}
      propertyPath: m_LocalRotation.y
      value: 0
      objectReference: {fileID: 0}
    - target: {fileID: 4310073046122136, guid: 957fb60e14d1aa44e84a7af1a56ca1c0, type: 3}
      propertyPath: m_LocalRotation.z
      value: 0
      objectReference: {fileID: 0}
    - target: {fileID: 4310073046122136, guid: 957fb60e14d1aa44e84a7af1a56ca1c0, type: 3}
      propertyPath: m_LocalRotation.w
      value: 1
      objectReference: {fileID: 0}
    - target: {fileID: 4310073046122136, guid: 957fb60e14d1aa44e84a7af1a56ca1c0, type: 3}
      propertyPath: m_RootOrder
      value: 11
      objectReference: {fileID: 0}
    - target: {fileID: 4310073046122136, guid: 957fb60e14d1aa44e84a7af1a56ca1c0, type: 3}
      propertyPath: m_LocalEulerAnglesHint.x
      value: 0
      objectReference: {fileID: 0}
    - target: {fileID: 4310073046122136, guid: 957fb60e14d1aa44e84a7af1a56ca1c0, type: 3}
      propertyPath: m_LocalEulerAnglesHint.y
      value: 0
      objectReference: {fileID: 0}
    - target: {fileID: 4310073046122136, guid: 957fb60e14d1aa44e84a7af1a56ca1c0, type: 3}
      propertyPath: m_LocalEulerAnglesHint.z
      value: 0
      objectReference: {fileID: 0}
    - target: {fileID: 95612345198436402, guid: 957fb60e14d1aa44e84a7af1a56ca1c0,
        type: 3}
      propertyPath: m_Controller
      value: 
      objectReference: {fileID: 9100000, guid: 04650d9c1d666bf4aa8a90e85b2bd74f, type: 2}
    - target: {fileID: 95612345198436402, guid: 957fb60e14d1aa44e84a7af1a56ca1c0,
        type: 3}
      propertyPath: m_CullingMode
      value: 0
      objectReference: {fileID: 0}
    m_RemovedComponents: []
  m_SourcePrefab: {fileID: 100100000, guid: 957fb60e14d1aa44e84a7af1a56ca1c0, type: 3}
--- !u!1 &1302596905 stripped
GameObject:
  m_CorrespondingSourceObject: {fileID: 1474278901674418, guid: 957fb60e14d1aa44e84a7af1a56ca1c0,
    type: 3}
  m_PrefabInstance: {fileID: 1021671276}
  m_PrefabAsset: {fileID: 0}
--- !u!114 &1302596906
MonoBehaviour:
  m_ObjectHideFlags: 0
  m_CorrespondingSourceObject: {fileID: 0}
  m_PrefabInstance: {fileID: 0}
  m_PrefabAsset: {fileID: 0}
  m_GameObject: {fileID: 1302596905}
  m_Enabled: 1
  m_EditorHideFlags: 0
  m_Script: {fileID: 11500000, guid: 617a6b96ae77d0046b05b5a12eb4bbaa, type: 3}
  m_Name: 
  m_EditorClassIdentifier: 
  hp: 0
  maxHP: 0
  power: 0
  specialPower: 0
  speed: 0
  weapon: {fileID: 1395037709}
  playerBody: {fileID: 1324843094}
  invincibilityPeriod: 0
  isDead: 0
--- !u!114 &1302596907
MonoBehaviour:
  m_ObjectHideFlags: 0
  m_CorrespondingSourceObject: {fileID: 0}
  m_PrefabInstance: {fileID: 0}
  m_PrefabAsset: {fileID: 0}
  m_GameObject: {fileID: 1302596905}
  m_Enabled: 1
  m_EditorHideFlags: 0
  m_Script: {fileID: 11500000, guid: 2ef3ad10b17d1344c9467812dd74d55b, type: 3}
  m_Name: 
  m_EditorClassIdentifier: 
  player: {fileID: 1302596906}
  controller: {fileID: 1302596910}
  rigi: {fileID: 1302596911}
  animator: {fileID: 1302596908}
  maxVelocity: 5
  acceleration: 5
  decceleration: 10
  targetDirection: {fileID: 1936665743}
  isDead: 0
--- !u!95 &1302596908 stripped
Animator:
  m_CorrespondingSourceObject: {fileID: 95612345198436402, guid: 957fb60e14d1aa44e84a7af1a56ca1c0,
    type: 3}
  m_PrefabInstance: {fileID: 1021671276}
  m_PrefabAsset: {fileID: 0}
--- !u!4 &1302596909 stripped
Transform:
  m_CorrespondingSourceObject: {fileID: 4310073046122136, guid: 957fb60e14d1aa44e84a7af1a56ca1c0,
    type: 3}
  m_PrefabInstance: {fileID: 1021671276}
  m_PrefabAsset: {fileID: 0}
--- !u!143 &1302596910
CharacterController:
  m_ObjectHideFlags: 0
  m_CorrespondingSourceObject: {fileID: 0}
  m_PrefabInstance: {fileID: 0}
  m_PrefabAsset: {fileID: 0}
  m_GameObject: {fileID: 1302596905}
  m_Material: {fileID: 0}
  m_IsTrigger: 0
  m_Enabled: 1
  serializedVersion: 2
  m_Height: 2
  m_Radius: 0.5
  m_SlopeLimit: 45
  m_StepOffset: 0.3
  m_SkinWidth: 0.08
  m_MinMoveDistance: 0.001
  m_Center: {x: 0, y: 0, z: 0}
--- !u!54 &1302596911
Rigidbody:
  m_ObjectHideFlags: 0
  m_CorrespondingSourceObject: {fileID: 0}
  m_PrefabInstance: {fileID: 0}
  m_PrefabAsset: {fileID: 0}
  m_GameObject: {fileID: 1302596905}
  serializedVersion: 2
  m_Mass: 1
  m_Drag: 0
  m_AngularDrag: 0.05
  m_UseGravity: 1
  m_IsKinematic: 0
  m_Interpolate: 0
  m_Constraints: 126
  m_CollisionDetection: 0
--- !u!1 &1322139330 stripped
GameObject:
  m_CorrespondingSourceObject: {fileID: 7049447325957130102, guid: 5b042ca0d40408e42867f3bbe9b8d9f9,
    type: 3}
  m_PrefabInstance: {fileID: 146344666}
  m_PrefabAsset: {fileID: 0}
--- !u!1 &1324843094 stripped
GameObject:
  m_CorrespondingSourceObject: {fileID: 1303081800065330, guid: 957fb60e14d1aa44e84a7af1a56ca1c0,
    type: 3}
  m_PrefabInstance: {fileID: 1021671276}
  m_PrefabAsset: {fileID: 0}
--- !u!1 &1367472291
GameObject:
  m_ObjectHideFlags: 0
  m_CorrespondingSourceObject: {fileID: 0}
  m_PrefabInstance: {fileID: 0}
  m_PrefabAsset: {fileID: 0}
  serializedVersion: 6
  m_Component:
  - component: {fileID: 1367472294}
  - component: {fileID: 1367472293}
  - component: {fileID: 1367472292}
  - component: {fileID: 1367472295}
  - component: {fileID: 1367472296}
  m_Layer: 0
  m_Name: Main Camera
  m_TagString: MainCamera
  m_Icon: {fileID: 0}
  m_NavMeshLayer: 0
  m_StaticEditorFlags: 0
  m_IsActive: 1
--- !u!81 &1367472292
AudioListener:
  m_ObjectHideFlags: 0
  m_CorrespondingSourceObject: {fileID: 0}
  m_PrefabInstance: {fileID: 0}
  m_PrefabAsset: {fileID: 0}
  m_GameObject: {fileID: 1367472291}
  m_Enabled: 1
--- !u!20 &1367472293
Camera:
  m_ObjectHideFlags: 0
  m_CorrespondingSourceObject: {fileID: 0}
  m_PrefabInstance: {fileID: 0}
  m_PrefabAsset: {fileID: 0}
  m_GameObject: {fileID: 1367472291}
  m_Enabled: 1
  serializedVersion: 2
  m_ClearFlags: 1
  m_BackGroundColor: {r: 0.19215687, g: 0.3019608, b: 0.4745098, a: 0}
  m_projectionMatrixMode: 1
  m_GateFitMode: 2
  m_FOVAxisMode: 0
  m_SensorSize: {x: 36, y: 24}
  m_LensShift: {x: 0, y: 0}
  m_FocalLength: 50
  m_NormalizedViewPortRect:
    serializedVersion: 2
    x: 0
    y: 0
    width: 1
    height: 1
  near clip plane: 0.1
  far clip plane: 5000
  field of view: 40
  orthographic: 0
  orthographic size: 5
  m_Depth: -1
  m_CullingMask:
    serializedVersion: 2
    m_Bits: 4294967295
  m_RenderingPath: -1
  m_TargetTexture: {fileID: 0}
  m_TargetDisplay: 0
  m_TargetEye: 3
  m_HDR: 1
  m_AllowMSAA: 1
  m_AllowDynamicResolution: 0
  m_ForceIntoRT: 0
  m_OcclusionCulling: 1
  m_StereoConvergence: 10
  m_StereoSeparation: 0.022
--- !u!4 &1367472294
Transform:
  m_ObjectHideFlags: 0
  m_CorrespondingSourceObject: {fileID: 0}
  m_PrefabInstance: {fileID: 0}
  m_PrefabAsset: {fileID: 0}
  m_GameObject: {fileID: 1367472291}
  m_LocalRotation: {x: 0.3219433, y: -0.19895972, z: 0.0693964, w: 0.9230123}
  m_LocalPosition: {x: 8.4, y: 8.11, z: -8.69}
  m_LocalScale: {x: 1, y: 1, z: 1}
  m_Children: []
  m_Father: {fileID: 0}
  m_RootOrder: 0
  m_LocalEulerAnglesHint: {x: 38.457, y: -24.329, z: 0}
--- !u!114 &1367472295
MonoBehaviour:
  m_ObjectHideFlags: 0
  m_CorrespondingSourceObject: {fileID: 0}
  m_PrefabInstance: {fileID: 0}
  m_PrefabAsset: {fileID: 0}
  m_GameObject: {fileID: 1367472291}
  m_Enabled: 1
  m_EditorHideFlags: 0
  m_Script: {fileID: 11500000, guid: 72ece51f2901e7445ab60da3685d6b5f, type: 3}
  m_Name: 
  m_EditorClassIdentifier: 
--- !u!114 &1367472296
MonoBehaviour:
  m_ObjectHideFlags: 0
  m_CorrespondingSourceObject: {fileID: 0}
  m_PrefabInstance: {fileID: 0}
  m_PrefabAsset: {fileID: 0}
  m_GameObject: {fileID: 1367472291}
  m_Enabled: 1
  m_EditorHideFlags: 0
  m_Script: {fileID: 11500000, guid: a79441f348de89743a2939f4d699eac1, type: 3}
  m_Name: 
  m_EditorClassIdentifier: 
  m_RenderShadows: 1
  m_RequiresDepthTextureOption: 2
  m_RequiresOpaqueTextureOption: 2
  m_CameraType: 0
  m_Cameras: []
  m_RendererIndex: -1
  m_VolumeLayerMask:
    serializedVersion: 2
    m_Bits: 1
  m_VolumeTrigger: {fileID: 0}
  m_RenderPostProcessing: 0
  m_Antialiasing: 0
  m_AntialiasingQuality: 2
  m_StopNaN: 0
  m_Dithering: 0
  m_ClearDepth: 1
  m_RequiresDepthTexture: 0
  m_RequiresColorTexture: 0
  m_Version: 2
--- !u!1 &1395037709 stripped
GameObject:
  m_CorrespondingSourceObject: {fileID: 1167666691654266, guid: 957fb60e14d1aa44e84a7af1a56ca1c0,
    type: 3}
  m_PrefabInstance: {fileID: 1021671276}
  m_PrefabAsset: {fileID: 0}
--- !u!1 &1430066299
GameObject:
  m_ObjectHideFlags: 0
  m_CorrespondingSourceObject: {fileID: 0}
  m_PrefabInstance: {fileID: 0}
  m_PrefabAsset: {fileID: 0}
  serializedVersion: 6
  m_Component:
  - component: {fileID: 1430066303}
  - component: {fileID: 1430066302}
  - component: {fileID: 1430066301}
  - component: {fileID: 1430066300}
  m_Layer: 10
  m_Name: Plane
  m_TagString: Untagged
  m_Icon: {fileID: 0}
  m_NavMeshLayer: 0
  m_StaticEditorFlags: 0
  m_IsActive: 1
--- !u!64 &1430066300
MeshCollider:
  m_ObjectHideFlags: 0
  m_CorrespondingSourceObject: {fileID: 0}
  m_PrefabInstance: {fileID: 0}
  m_PrefabAsset: {fileID: 0}
  m_GameObject: {fileID: 1430066299}
  m_Material: {fileID: 0}
  m_IsTrigger: 0
  m_Enabled: 1
  serializedVersion: 4
  m_Convex: 0
  m_CookingOptions: 30
  m_Mesh: {fileID: 10209, guid: 0000000000000000e000000000000000, type: 0}
--- !u!23 &1430066301
MeshRenderer:
  m_ObjectHideFlags: 0
  m_CorrespondingSourceObject: {fileID: 0}
  m_PrefabInstance: {fileID: 0}
  m_PrefabAsset: {fileID: 0}
  m_GameObject: {fileID: 1430066299}
  m_Enabled: 1
  m_CastShadows: 1
  m_ReceiveShadows: 1
  m_DynamicOccludee: 1
  m_MotionVectors: 1
  m_LightProbeUsage: 1
  m_ReflectionProbeUsage: 1
  m_RayTracingMode: 2
  m_RenderingLayerMask: 1
  m_RendererPriority: 0
  m_Materials:
  - {fileID: 2100000, guid: f4b12fa224b1a9a45b298046cb45762f, type: 2}
  m_StaticBatchInfo:
    firstSubMesh: 0
    subMeshCount: 0
  m_StaticBatchRoot: {fileID: 0}
  m_ProbeAnchor: {fileID: 0}
  m_LightProbeVolumeOverride: {fileID: 0}
  m_ScaleInLightmap: 1
  m_ReceiveGI: 1
  m_PreserveUVs: 0
  m_IgnoreNormalsForChartDetection: 0
  m_ImportantGI: 0
  m_StitchLightmapSeams: 1
  m_SelectedEditorRenderState: 3
  m_MinimumChartSize: 4
  m_AutoUVMaxDistance: 0.5
  m_AutoUVMaxAngle: 89
  m_LightmapParameters: {fileID: 0}
  m_SortingLayerID: 0
  m_SortingLayer: 0
  m_SortingOrder: 0
--- !u!33 &1430066302
MeshFilter:
  m_ObjectHideFlags: 0
  m_CorrespondingSourceObject: {fileID: 0}
  m_PrefabInstance: {fileID: 0}
  m_PrefabAsset: {fileID: 0}
  m_GameObject: {fileID: 1430066299}
  m_Mesh: {fileID: 10209, guid: 0000000000000000e000000000000000, type: 0}
--- !u!4 &1430066303
Transform:
  m_ObjectHideFlags: 0
  m_CorrespondingSourceObject: {fileID: 0}
  m_PrefabInstance: {fileID: 0}
  m_PrefabAsset: {fileID: 0}
  m_GameObject: {fileID: 1430066299}
  m_LocalRotation: {x: 0, y: 0, z: 0, w: 1}
  m_LocalPosition: {x: 0, y: 0, z: 0}
  m_LocalScale: {x: 10, y: 10, z: 10}
  m_Children: []
  m_Father: {fileID: 0}
  m_RootOrder: 2
  m_LocalEulerAnglesHint: {x: 0, y: 0, z: 0}
--- !u!1001 &1433504267
PrefabInstance:
  m_ObjectHideFlags: 0
  serializedVersion: 2
  m_Modification:
    m_TransformParent: {fileID: 0}
    m_Modifications:
    - target: {fileID: 7049447324920454981, guid: 5b042ca0d40408e42867f3bbe9b8d9f9,
        type: 3}
      propertyPath: m_Layer
      value: 9
      objectReference: {fileID: 0}
    - target: {fileID: 7049447325045892535, guid: 5b042ca0d40408e42867f3bbe9b8d9f9,
        type: 3}
      propertyPath: m_Layer
      value: 9
      objectReference: {fileID: 0}
    - target: {fileID: 7049447325102446305, guid: 5b042ca0d40408e42867f3bbe9b8d9f9,
        type: 3}
      propertyPath: m_Layer
      value: 9
      objectReference: {fileID: 0}
    - target: {fileID: 7049447325102446306, guid: 5b042ca0d40408e42867f3bbe9b8d9f9,
        type: 3}
      propertyPath: m_Materials.Array.data[0]
      value: 
      objectReference: {fileID: 2100000, guid: f82f3ea3245a6de48a3a8eee3221ed2a, type: 2}
    - target: {fileID: 7049447325577095000, guid: 5b042ca0d40408e42867f3bbe9b8d9f9,
        type: 3}
      propertyPath: m_Name
      value: Foe (2)
      objectReference: {fileID: 0}
    - target: {fileID: 7049447325577095000, guid: 5b042ca0d40408e42867f3bbe9b8d9f9,
        type: 3}
      propertyPath: m_TagString
      value: Foe
      objectReference: {fileID: 0}
    - target: {fileID: 7049447325577095000, guid: 5b042ca0d40408e42867f3bbe9b8d9f9,
        type: 3}
      propertyPath: m_Layer
      value: 9
      objectReference: {fileID: 0}
    - target: {fileID: 7049447325577095002, guid: 5b042ca0d40408e42867f3bbe9b8d9f9,
        type: 3}
      propertyPath: playerBody
      value: 
      objectReference: {fileID: 497212707}
    - target: {fileID: 7049447325577095003, guid: 5b042ca0d40408e42867f3bbe9b8d9f9,
        type: 3}
      propertyPath: m_LocalPosition.x
      value: 6.55
      objectReference: {fileID: 0}
    - target: {fileID: 7049447325577095003, guid: 5b042ca0d40408e42867f3bbe9b8d9f9,
        type: 3}
      propertyPath: m_LocalPosition.y
      value: 0.4
      objectReference: {fileID: 0}
    - target: {fileID: 7049447325577095003, guid: 5b042ca0d40408e42867f3bbe9b8d9f9,
        type: 3}
      propertyPath: m_LocalPosition.z
      value: 1.29
      objectReference: {fileID: 0}
    - target: {fileID: 7049447325577095003, guid: 5b042ca0d40408e42867f3bbe9b8d9f9,
        type: 3}
      propertyPath: m_LocalRotation.x
      value: -0
      objectReference: {fileID: 0}
    - target: {fileID: 7049447325577095003, guid: 5b042ca0d40408e42867f3bbe9b8d9f9,
        type: 3}
      propertyPath: m_LocalRotation.y
      value: -0
      objectReference: {fileID: 0}
    - target: {fileID: 7049447325577095003, guid: 5b042ca0d40408e42867f3bbe9b8d9f9,
        type: 3}
      propertyPath: m_LocalRotation.z
      value: -0
      objectReference: {fileID: 0}
    - target: {fileID: 7049447325577095003, guid: 5b042ca0d40408e42867f3bbe9b8d9f9,
        type: 3}
      propertyPath: m_LocalRotation.w
      value: 1
      objectReference: {fileID: 0}
    - target: {fileID: 7049447325577095003, guid: 5b042ca0d40408e42867f3bbe9b8d9f9,
        type: 3}
      propertyPath: m_RootOrder
      value: 6
      objectReference: {fileID: 0}
    - target: {fileID: 7049447325577095003, guid: 5b042ca0d40408e42867f3bbe9b8d9f9,
        type: 3}
      propertyPath: m_LocalEulerAnglesHint.x
      value: 0
      objectReference: {fileID: 0}
    - target: {fileID: 7049447325577095003, guid: 5b042ca0d40408e42867f3bbe9b8d9f9,
        type: 3}
      propertyPath: m_LocalEulerAnglesHint.y
      value: 0
      objectReference: {fileID: 0}
    - target: {fileID: 7049447325577095003, guid: 5b042ca0d40408e42867f3bbe9b8d9f9,
        type: 3}
      propertyPath: m_LocalEulerAnglesHint.z
      value: 0
      objectReference: {fileID: 0}
    - target: {fileID: 7049447325809572082, guid: 5b042ca0d40408e42867f3bbe9b8d9f9,
        type: 3}
      propertyPath: m_Layer
      value: 9
      objectReference: {fileID: 0}
    - target: {fileID: 7049447325957130102, guid: 5b042ca0d40408e42867f3bbe9b8d9f9,
        type: 3}
      propertyPath: m_Layer
      value: 9
      objectReference: {fileID: 0}
    - target: {fileID: 7049447326034342320, guid: 5b042ca0d40408e42867f3bbe9b8d9f9,
        type: 3}
      propertyPath: m_Layer
      value: 9
      objectReference: {fileID: 0}
    - target: {fileID: 7049447326072743749, guid: 5b042ca0d40408e42867f3bbe9b8d9f9,
        type: 3}
      propertyPath: m_Materials.Array.data[0]
      value: 
      objectReference: {fileID: 2100000, guid: 9dfd8d1d0c0042b4892072d0b252a125, type: 2}
    - target: {fileID: 7049447326072743755, guid: 5b042ca0d40408e42867f3bbe9b8d9f9,
        type: 3}
      propertyPath: m_Layer
      value: 9
      objectReference: {fileID: 0}
    - target: {fileID: 7049447326638430830, guid: 5b042ca0d40408e42867f3bbe9b8d9f9,
        type: 3}
      propertyPath: m_Layer
      value: 9
      objectReference: {fileID: 0}
    m_RemovedComponents:
    - {fileID: 7049447325577095002, guid: 5b042ca0d40408e42867f3bbe9b8d9f9, type: 3}
    - {fileID: 7049447325577094996, guid: 5b042ca0d40408e42867f3bbe9b8d9f9, type: 3}
    - {fileID: 6614822200547901070, guid: 5b042ca0d40408e42867f3bbe9b8d9f9, type: 3}
  m_SourcePrefab: {fileID: 100100000, guid: 5b042ca0d40408e42867f3bbe9b8d9f9, type: 3}
--- !u!1 &1591372383 stripped
GameObject:
  m_CorrespondingSourceObject: {fileID: 7049447325957130102, guid: 5b042ca0d40408e42867f3bbe9b8d9f9,
    type: 3}
  m_PrefabInstance: {fileID: 347594013}
  m_PrefabAsset: {fileID: 0}
--- !u!1 &1643911479 stripped
GameObject:
  m_CorrespondingSourceObject: {fileID: 7049447325102446305, guid: 5b042ca0d40408e42867f3bbe9b8d9f9,
    type: 3}
  m_PrefabInstance: {fileID: 805959351}
  m_PrefabAsset: {fileID: 0}
--- !u!1 &1739446773 stripped
GameObject:
  m_CorrespondingSourceObject: {fileID: 7049447325957130102, guid: 5b042ca0d40408e42867f3bbe9b8d9f9,
    type: 3}
  m_PrefabInstance: {fileID: 805959351}
  m_PrefabAsset: {fileID: 0}
--- !u!1 &1804993228 stripped
GameObject:
  m_CorrespondingSourceObject: {fileID: 7049447325577095000, guid: 5b042ca0d40408e42867f3bbe9b8d9f9,
    type: 3}
  m_PrefabInstance: {fileID: 146344666}
  m_PrefabAsset: {fileID: 0}
--- !u!114 &1804993229
MonoBehaviour:
  m_ObjectHideFlags: 0
  m_CorrespondingSourceObject: {fileID: 0}
  m_PrefabInstance: {fileID: 0}
  m_PrefabAsset: {fileID: 0}
  m_GameObject: {fileID: 1804993228}
  m_Enabled: 1
  m_EditorHideFlags: 0
  m_Script: {fileID: 11500000, guid: d52f0cb2eedf3524d96d159142201bf1, type: 3}
  m_Name: 
  m_EditorClassIdentifier: 
  hp: 0
  maxHP: 0
  power: 0
  specialPower: 0
  speed: 0
  weapon: {fileID: 948348529}
  playerBody: {fileID: 1322139330}
  invincibilityPeriod: 0
  isDead: 0
  wave: {fileID: 0}
--- !u!1 &1936665742
GameObject:
  m_ObjectHideFlags: 0
  m_CorrespondingSourceObject: {fileID: 0}
  m_PrefabInstance: {fileID: 0}
  m_PrefabAsset: {fileID: 0}
  serializedVersion: 6
  m_Component:
  - component: {fileID: 1936665743}
  m_Layer: 0
  m_Name: Target
  m_TagString: Untagged
  m_Icon: {fileID: 0}
  m_NavMeshLayer: 0
  m_StaticEditorFlags: 0
  m_IsActive: 1
--- !u!4 &1936665743
Transform:
  m_ObjectHideFlags: 0
  m_CorrespondingSourceObject: {fileID: 0}
  m_PrefabInstance: {fileID: 0}
  m_PrefabAsset: {fileID: 0}
  m_GameObject: {fileID: 1936665742}
  m_LocalRotation: {x: 0, y: 0, z: 0, w: 1}
  m_LocalPosition: {x: 0, y: 0, z: 0}
  m_LocalScale: {x: 1, y: 1, z: 1}
  m_Children: []
  m_Father: {fileID: 1302596909}
  m_RootOrder: 2
  m_LocalEulerAnglesHint: {x: 0, y: 0, z: 0}
--- !u!1001 &2032637008
PrefabInstance:
  m_ObjectHideFlags: 0
  serializedVersion: 2
  m_Modification:
    m_TransformParent: {fileID: 0}
    m_Modifications:
    - target: {fileID: 7049447324920454981, guid: 5b042ca0d40408e42867f3bbe9b8d9f9,
        type: 3}
      propertyPath: m_Layer
      value: 9
      objectReference: {fileID: 0}
    - target: {fileID: 7049447325045892535, guid: 5b042ca0d40408e42867f3bbe9b8d9f9,
        type: 3}
      propertyPath: m_Layer
      value: 9
      objectReference: {fileID: 0}
    - target: {fileID: 7049447325102446305, guid: 5b042ca0d40408e42867f3bbe9b8d9f9,
        type: 3}
      propertyPath: m_Layer
      value: 9
      objectReference: {fileID: 0}
    - target: {fileID: 7049447325102446306, guid: 5b042ca0d40408e42867f3bbe9b8d9f9,
        type: 3}
      propertyPath: m_Materials.Array.data[0]
      value: 
      objectReference: {fileID: 2100000, guid: f82f3ea3245a6de48a3a8eee3221ed2a, type: 2}
    - target: {fileID: 7049447325577095000, guid: 5b042ca0d40408e42867f3bbe9b8d9f9,
        type: 3}
      propertyPath: m_Name
      value: Foe (6)
      objectReference: {fileID: 0}
    - target: {fileID: 7049447325577095000, guid: 5b042ca0d40408e42867f3bbe9b8d9f9,
        type: 3}
      propertyPath: m_TagString
      value: Foe
      objectReference: {fileID: 0}
    - target: {fileID: 7049447325577095000, guid: 5b042ca0d40408e42867f3bbe9b8d9f9,
        type: 3}
      propertyPath: m_Layer
      value: 9
      objectReference: {fileID: 0}
    - target: {fileID: 7049447325577095002, guid: 5b042ca0d40408e42867f3bbe9b8d9f9,
        type: 3}
      propertyPath: playerBody
      value: 
      objectReference: {fileID: 222288019}
    - target: {fileID: 7049447325577095003, guid: 5b042ca0d40408e42867f3bbe9b8d9f9,
        type: 3}
      propertyPath: m_LocalPosition.x
      value: 5.07
      objectReference: {fileID: 0}
    - target: {fileID: 7049447325577095003, guid: 5b042ca0d40408e42867f3bbe9b8d9f9,
        type: 3}
      propertyPath: m_LocalPosition.y
      value: 0.4
      objectReference: {fileID: 0}
    - target: {fileID: 7049447325577095003, guid: 5b042ca0d40408e42867f3bbe9b8d9f9,
        type: 3}
      propertyPath: m_LocalPosition.z
      value: -1.58
      objectReference: {fileID: 0}
    - target: {fileID: 7049447325577095003, guid: 5b042ca0d40408e42867f3bbe9b8d9f9,
        type: 3}
      propertyPath: m_LocalRotation.x
      value: -0
      objectReference: {fileID: 0}
    - target: {fileID: 7049447325577095003, guid: 5b042ca0d40408e42867f3bbe9b8d9f9,
        type: 3}
      propertyPath: m_LocalRotation.y
      value: -0
      objectReference: {fileID: 0}
    - target: {fileID: 7049447325577095003, guid: 5b042ca0d40408e42867f3bbe9b8d9f9,
        type: 3}
      propertyPath: m_LocalRotation.z
      value: -0
      objectReference: {fileID: 0}
    - target: {fileID: 7049447325577095003, guid: 5b042ca0d40408e42867f3bbe9b8d9f9,
        type: 3}
      propertyPath: m_LocalRotation.w
      value: 1
      objectReference: {fileID: 0}
    - target: {fileID: 7049447325577095003, guid: 5b042ca0d40408e42867f3bbe9b8d9f9,
        type: 3}
      propertyPath: m_RootOrder
      value: 10
      objectReference: {fileID: 0}
    - target: {fileID: 7049447325577095003, guid: 5b042ca0d40408e42867f3bbe9b8d9f9,
        type: 3}
      propertyPath: m_LocalEulerAnglesHint.x
      value: 0
      objectReference: {fileID: 0}
    - target: {fileID: 7049447325577095003, guid: 5b042ca0d40408e42867f3bbe9b8d9f9,
        type: 3}
      propertyPath: m_LocalEulerAnglesHint.y
      value: 0
      objectReference: {fileID: 0}
    - target: {fileID: 7049447325577095003, guid: 5b042ca0d40408e42867f3bbe9b8d9f9,
        type: 3}
      propertyPath: m_LocalEulerAnglesHint.z
      value: 0
      objectReference: {fileID: 0}
    - target: {fileID: 7049447325809572082, guid: 5b042ca0d40408e42867f3bbe9b8d9f9,
        type: 3}
      propertyPath: m_Layer
      value: 9
      objectReference: {fileID: 0}
    - target: {fileID: 7049447325957130102, guid: 5b042ca0d40408e42867f3bbe9b8d9f9,
        type: 3}
      propertyPath: m_Layer
      value: 9
      objectReference: {fileID: 0}
    - target: {fileID: 7049447326034342320, guid: 5b042ca0d40408e42867f3bbe9b8d9f9,
        type: 3}
      propertyPath: m_Layer
      value: 9
      objectReference: {fileID: 0}
    - target: {fileID: 7049447326072743749, guid: 5b042ca0d40408e42867f3bbe9b8d9f9,
        type: 3}
      propertyPath: m_Materials.Array.data[0]
      value: 
      objectReference: {fileID: 2100000, guid: 9dfd8d1d0c0042b4892072d0b252a125, type: 2}
    - target: {fileID: 7049447326072743755, guid: 5b042ca0d40408e42867f3bbe9b8d9f9,
        type: 3}
      propertyPath: m_Layer
      value: 9
      objectReference: {fileID: 0}
    - target: {fileID: 7049447326638430830, guid: 5b042ca0d40408e42867f3bbe9b8d9f9,
        type: 3}
      propertyPath: m_Layer
      value: 9
      objectReference: {fileID: 0}
    m_RemovedComponents:
    - {fileID: 7049447325577095002, guid: 5b042ca0d40408e42867f3bbe9b8d9f9, type: 3}
    - {fileID: 7049447325577094996, guid: 5b042ca0d40408e42867f3bbe9b8d9f9, type: 3}
    - {fileID: 6614822200547901070, guid: 5b042ca0d40408e42867f3bbe9b8d9f9, type: 3}
  m_SourcePrefab: {fileID: 100100000, guid: 5b042ca0d40408e42867f3bbe9b8d9f9, type: 3}
--- !u!1001 &3238999019559918219
PrefabInstance:
  m_ObjectHideFlags: 0
  serializedVersion: 2
  m_Modification:
    m_TransformParent: {fileID: 0}
    m_Modifications:
    - target: {fileID: 5559577795332894980, guid: c6468095306626f4893568394e25b894,
        type: 3}
      propertyPath: m_LocalPosition.x
      value: 6.99
      objectReference: {fileID: 0}
    - target: {fileID: 5559577795332894980, guid: c6468095306626f4893568394e25b894,
        type: 3}
      propertyPath: m_LocalPosition.y
      value: 0.4
      objectReference: {fileID: 0}
    - target: {fileID: 5559577795332894980, guid: c6468095306626f4893568394e25b894,
        type: 3}
      propertyPath: m_LocalPosition.z
      value: 0
      objectReference: {fileID: 0}
    - target: {fileID: 5559577795332894980, guid: c6468095306626f4893568394e25b894,
        type: 3}
      propertyPath: m_LocalRotation.x
      value: -0
      objectReference: {fileID: 0}
    - target: {fileID: 5559577795332894980, guid: c6468095306626f4893568394e25b894,
        type: 3}
      propertyPath: m_LocalRotation.y
      value: -0
      objectReference: {fileID: 0}
    - target: {fileID: 5559577795332894980, guid: c6468095306626f4893568394e25b894,
        type: 3}
      propertyPath: m_LocalRotation.z
      value: -0
      objectReference: {fileID: 0}
    - target: {fileID: 5559577795332894980, guid: c6468095306626f4893568394e25b894,
        type: 3}
      propertyPath: m_LocalRotation.w
      value: 1
      objectReference: {fileID: 0}
    - target: {fileID: 5559577795332894980, guid: c6468095306626f4893568394e25b894,
        type: 3}
      propertyPath: m_RootOrder
      value: 4
      objectReference: {fileID: 0}
    - target: {fileID: 5559577795332894980, guid: c6468095306626f4893568394e25b894,
        type: 3}
      propertyPath: m_LocalEulerAnglesHint.x
      value: 0
      objectReference: {fileID: 0}
    - target: {fileID: 5559577795332894980, guid: c6468095306626f4893568394e25b894,
        type: 3}
      propertyPath: m_LocalEulerAnglesHint.y
      value: 0
      objectReference: {fileID: 0}
    - target: {fileID: 5559577795332894980, guid: c6468095306626f4893568394e25b894,
        type: 3}
      propertyPath: m_LocalEulerAnglesHint.z
      value: 0
      objectReference: {fileID: 0}
    - target: {fileID: 5559577795332894983, guid: c6468095306626f4893568394e25b894,
        type: 3}
      propertyPath: m_Name
      value: Foe
      objectReference: {fileID: 0}
    m_RemovedComponents: []
  m_SourcePrefab: {fileID: 100100000, guid: c6468095306626f4893568394e25b894, type: 3}
--- !u!1001 &7049447325638333549
PrefabInstance:
  m_ObjectHideFlags: 0
  serializedVersion: 2
  m_Modification:
    m_TransformParent: {fileID: 0}
    m_Modifications:
    - target: {fileID: 6614822200547901070, guid: 5b042ca0d40408e42867f3bbe9b8d9f9,
        type: 3}
      propertyPath: m_Constraints
      value: 126
      objectReference: {fileID: 0}
    - target: {fileID: 7049447324920454981, guid: 5b042ca0d40408e42867f3bbe9b8d9f9,
        type: 3}
      propertyPath: m_Layer
      value: 8
      objectReference: {fileID: 0}
    - target: {fileID: 7049447325045892535, guid: 5b042ca0d40408e42867f3bbe9b8d9f9,
        type: 3}
      propertyPath: m_Layer
      value: 8
      objectReference: {fileID: 0}
    - target: {fileID: 7049447325102446306, guid: 5b042ca0d40408e42867f3bbe9b8d9f9,
        type: 3}
      propertyPath: m_Materials.Array.data[0]
      value: 
      objectReference: {fileID: 2100000, guid: f82f3ea3245a6de48a3a8eee3221ed2a, type: 2}
    - target: {fileID: 7049447325577095000, guid: 5b042ca0d40408e42867f3bbe9b8d9f9,
        type: 3}
      propertyPath: m_Name
      value: Player
      objectReference: {fileID: 0}
    - target: {fileID: 7049447325577095000, guid: 5b042ca0d40408e42867f3bbe9b8d9f9,
        type: 3}
      propertyPath: m_TagString
      value: Player
      objectReference: {fileID: 0}
    - target: {fileID: 7049447325577095000, guid: 5b042ca0d40408e42867f3bbe9b8d9f9,
        type: 3}
      propertyPath: m_IsActive
      value: 1
      objectReference: {fileID: 0}
    - target: {fileID: 7049447325577095002, guid: 5b042ca0d40408e42867f3bbe9b8d9f9,
        type: 3}
      propertyPath: playerBody
      value: 
      objectReference: {fileID: 124586887}
    - target: {fileID: 7049447325577095003, guid: 5b042ca0d40408e42867f3bbe9b8d9f9,
        type: 3}
      propertyPath: m_LocalPosition.x
      value: 0
      objectReference: {fileID: 0}
    - target: {fileID: 7049447325577095003, guid: 5b042ca0d40408e42867f3bbe9b8d9f9,
        type: 3}
      propertyPath: m_LocalPosition.y
      value: 0.4
      objectReference: {fileID: 0}
    - target: {fileID: 7049447325577095003, guid: 5b042ca0d40408e42867f3bbe9b8d9f9,
        type: 3}
      propertyPath: m_LocalPosition.z
      value: 0
      objectReference: {fileID: 0}
    - target: {fileID: 7049447325577095003, guid: 5b042ca0d40408e42867f3bbe9b8d9f9,
        type: 3}
      propertyPath: m_LocalRotation.x
      value: -0
      objectReference: {fileID: 0}
    - target: {fileID: 7049447325577095003, guid: 5b042ca0d40408e42867f3bbe9b8d9f9,
        type: 3}
      propertyPath: m_LocalRotation.y
      value: -0
      objectReference: {fileID: 0}
    - target: {fileID: 7049447325577095003, guid: 5b042ca0d40408e42867f3bbe9b8d9f9,
        type: 3}
      propertyPath: m_LocalRotation.z
      value: -0
      objectReference: {fileID: 0}
    - target: {fileID: 7049447325577095003, guid: 5b042ca0d40408e42867f3bbe9b8d9f9,
        type: 3}
      propertyPath: m_LocalRotation.w
      value: 1
      objectReference: {fileID: 0}
    - target: {fileID: 7049447325577095003, guid: 5b042ca0d40408e42867f3bbe9b8d9f9,
        type: 3}
      propertyPath: m_RootOrder
      value: 3
      objectReference: {fileID: 0}
    - target: {fileID: 7049447325577095003, guid: 5b042ca0d40408e42867f3bbe9b8d9f9,
        type: 3}
      propertyPath: m_LocalEulerAnglesHint.x
      value: 0
      objectReference: {fileID: 0}
    - target: {fileID: 7049447325577095003, guid: 5b042ca0d40408e42867f3bbe9b8d9f9,
        type: 3}
      propertyPath: m_LocalEulerAnglesHint.y
      value: 0
      objectReference: {fileID: 0}
    - target: {fileID: 7049447325577095003, guid: 5b042ca0d40408e42867f3bbe9b8d9f9,
        type: 3}
      propertyPath: m_LocalEulerAnglesHint.z
      value: 0
      objectReference: {fileID: 0}
    - target: {fileID: 7049447325809572082, guid: 5b042ca0d40408e42867f3bbe9b8d9f9,
        type: 3}
      propertyPath: m_Layer
      value: 8
      objectReference: {fileID: 0}
    - target: {fileID: 7049447325957130102, guid: 5b042ca0d40408e42867f3bbe9b8d9f9,
        type: 3}
      propertyPath: m_Layer
      value: 8
      objectReference: {fileID: 0}
    - target: {fileID: 7049447326072743749, guid: 5b042ca0d40408e42867f3bbe9b8d9f9,
        type: 3}
      propertyPath: m_Materials.Array.data[0]
      value: 
      objectReference: {fileID: 2100000, guid: 9dfd8d1d0c0042b4892072d0b252a125, type: 2}
    - target: {fileID: 7049447326638430830, guid: 5b042ca0d40408e42867f3bbe9b8d9f9,
        type: 3}
      propertyPath: m_Layer
      value: 8
      objectReference: {fileID: 0}
    m_RemovedComponents:
    - {fileID: 7049447325102446307, guid: 5b042ca0d40408e42867f3bbe9b8d9f9, type: 3}
  m_SourcePrefab: {fileID: 100100000, guid: 5b042ca0d40408e42867f3bbe9b8d9f9, type: 3}
